<record><leader>00000cas a2200000 a 4500</leader><controlfield tag="001">17401143</controlfield><controlfield tag="008">880127d18771893wauwr ne      0    0eng d</controlfield><datafield ind1=" " ind2=" " tag="010"><subfield code="a">sn 88085456 </subfield></datafield><datafield ind1=" " ind2=" " tag="040"><subfield code="a">SLZ</subfield><subfield code="b">eng</subfield><subfield code="c">SLZ</subfield><subfield code="d">OCL</subfield><subfield code="d">OCLCQ</subfield><subfield code="d">DLC</subfield><subfield code="d">OCLCF</subfield><subfield code="d">OCLCO</subfield></datafield><datafield ind1="1" ind2=" " tag="029"><subfield code="a">AU@</subfield><subfield code="b">000020496727</subfield></datafield><datafield ind1=" " ind2=" " tag="042"><subfield code="a">msc</subfield></datafield><datafield ind1=" " ind2=" " tag="043"><subfield code="a">n-us-wa</subfield></datafield><datafield ind1="0" ind2="0" tag="245"><subfield code="a">Palouse gazette.</subfield></datafield><datafield ind1=" " ind2=" " tag="260"><subfield code="a">Colfax, Wash. :</subfield><subfield code="b">Kellogg &amp; Hopkins</subfield></datafield><datafield ind1=" " ind2=" " tag="300"><subfield code="a">16 v.</subfield></datafield><datafield ind1=" " ind2=" " tag="310"><subfield code="a">Weekly</subfield></datafield><datafield ind1="0" ind2=" " tag="362"><subfield code="a">Vol. 1, no. 1 (Sept. 29, 1877)-v. 16, no. 41 (June 23, 1893).</subfield></datafield><datafield ind1=" " ind2="0" tag="651"><subfield code="a">Colfax (Wash.)</subfield><subfield code="v">Newspapers.</subfield></datafield><datafield ind1=" " ind2="7" tag="655"><subfield code="a">Newspapers.</subfield><subfield code="2">fast</subfield><subfield code="0">(OCoLC)fst01423814</subfield></datafield><datafield ind1=" " ind2="7" tag="651"><subfield code="a">Washington (State)</subfield><subfield code="z">Colfax.</subfield><subfield code="2">fast</subfield><subfield code="0">(OCoLC)fst01232382</subfield></datafield><datafield ind1=" " ind2=" " tag="752"><subfield code="a">United States</subfield><subfield code="b">Washington</subfield><subfield code="c">Whitman</subfield><subfield code="d">Colfax.</subfield></datafield><datafield ind1="0" ind2="5" tag="780"><subfield code="t">Weekly vidette (Colfax, Wash.)</subfield><subfield code="g">1884</subfield><subfield code="w">(DLC)sn 88085457</subfield></datafield><datafield ind1="0" ind2="0" tag="785"><subfield code="t">Colfax gazette (Colfax, Wash. : 1893)</subfield><subfield code="x">2157-653X</subfield><subfield code="w">(DLC)sn 88085460</subfield><subfield code="w">(OCoLC)17401202</subfield></datafield></record>